<?xml version="1.0" encoding="UTF-8"?><collection xmlns="http://www.loc.gov/MARC21/slim"><record><leader>00388nam--2200133-i-4500</leader><controlfield tag="001">000031833</controlfield><controlfield tag="002">20161230</controlfield><controlfield tag="005">20161230201038</controlfield><controlfield tag="008">060222s1000------------r-----000-0-eng-d</controlfield><datafield ind1=" " ind2=" " tag="080"><subfield code="a">616-073:015</subfield></datafield><datafield ind1=" " ind2=" " tag="100"><subfield code="a">Maullot, Sizanne</subfield></datafield><datafield ind1=" " ind2=" " tag="245"><subfield code="a">Electromyographie et tetanie latente. these</subfield></datafield><datafield ind1=" " ind2=" " tag="260"><subfield code="a">Clermont, Univ.De Clermont-faculte Mixte De Medicine Et De Pharmacie, 1970, 99p</subfield></datafield><datafield ind1=" " ind2=" " tag="852"><subfield code="a">39044</subfield></datafield></record></collection>